<record><leader>00000cas a2200000 a 4500</leader><controlfield tag="001">10177631</controlfield><controlfield tag="008">831201d18751875gaudn ne      0    0eng  </controlfield><datafield ind1=" " ind2=" " tag="010"><subfield code="a">sn 83016859 </subfield></datafield><datafield ind1=" " ind2=" " tag="040"><subfield code="a">DLC</subfield><subfield code="b">eng</subfield><subfield code="c">DLC</subfield><subfield code="d">NPA</subfield><subfield code="d">NPX</subfield><subfield code="d">DLC</subfield><subfield code="d">MFN</subfield><subfield code="d">YOX</subfield><subfield code="d">ANU</subfield><subfield code="d">KNP</subfield><subfield code="d">CNK</subfield><subfield code="d">FUG</subfield><subfield code="d">HUL</subfield><subfield code="d">NVF</subfield><subfield code="d">CVF</subfield><subfield code="d">NYS</subfield><subfield code="d">GUA</subfield><subfield code="d">DLC</subfield><subfield code="d">GUA</subfield><subfield code="d">OCLCQ</subfield><subfield code="d">OCLCO</subfield><subfield code="d">OCLCF</subfield></datafield><datafield ind1="1" ind2=" " tag="029"><subfield code="a">AU@</subfield><subfield code="b">000020413280</subfield></datafield><datafield ind1=" " ind2=" " tag="042"><subfield code="a">pcc</subfield></datafield><datafield ind1=" " ind2=" " tag="043"><subfield code="a">n-us-ga</subfield></datafield><datafield ind1="0" ind2="0" tag="050"><subfield code="a">Newspaper</subfield></datafield><datafield ind1="0" ind2="4" tag="245"><subfield code="a">The Atlanta daily constitution.</subfield></datafield><datafield ind1="1" ind2="3" tag="246"><subfield code="a">Daily constitution</subfield></datafield><datafield ind1=" " ind2=" " tag="260"><subfield code="a">Atlanta, Ga. :</subfield><subfield code="b">W.A. Hemphill &amp; Co.,</subfield><subfield code="c">[1875]</subfield></datafield><datafield ind1=" " ind2=" " tag="300"><subfield code="a">v.</subfield></datafield><datafield ind1=" " ind2=" " tag="310"><subfield code="a">Daily (except Monday)</subfield></datafield><datafield ind1="0" ind2=" " tag="362"><subfield code="a">Vol. 8, no. 56 (Aug. 20, 1875)-v. 8, no. 68 (Sept. 3, 1875).</subfield></datafield><datafield ind1=" " ind2=" " tag="530"><subfield code="a">Also issued on microfilm from the Microfilming Corp. of America., Recordak, and the Library of Congress Photoduplication Service; also available online.</subfield></datafield><datafield ind1=" " ind2="0" tag="651"><subfield code="a">Atlanta (Ga.)</subfield><subfield code="v">Newspapers.</subfield></datafield><datafield ind1=" " ind2="0" tag="651"><subfield code="a">Fulton County (Ga.)</subfield><subfield code="v">Newspapers.</subfield></datafield><datafield ind1=" " ind2="7" tag="655"><subfield code="a">Newspapers.</subfield><subfield code="2">fast</subfield><subfield code="0">(OCoLC)fst01423814</subfield></datafield><datafield ind1=" " ind2="7" tag="651"><subfield code="a">Georgia</subfield><subfield code="z">Atlanta.</subfield><subfield code="2">fast</subfield><subfield code="0">(OCoLC)fst01204627</subfield></datafield><datafield ind1=" " ind2="7" tag="651"><subfield code="a">Georgia</subfield><subfield code="z">Fulton County.</subfield><subfield code="2">fast</subfield><subfield code="0">(OCoLC)fst01211153</subfield></datafield><datafield ind1=" " ind2=" " tag="752"><subfield code="a">United States</subfield><subfield code="b">Georgia</subfield><subfield code="c">Fulton</subfield><subfield code="d">Atlanta.</subfield></datafield><datafield ind1="0" ind2=" " tag="775"><subfield code="t">Weekly constitution (Atlanta, Ga. : 1868)</subfield><subfield code="w">(DLC)sn 84031635</subfield><subfield code="w">(OCoLC)11192504</subfield></datafield><datafield ind1="0" ind2=" " tag="776"><subfield code="c">Microfilm</subfield><subfield code="d">Recordak</subfield><subfield code="w">(OCoLC)3663871</subfield></datafield><datafield ind1="1" ind2=" " tag="776"><subfield code="t">Atlanta daily constitution (Online)</subfield><subfield code="w">(DLC)  2007233862</subfield><subfield code="w">(OCoLC)179260391</subfield></datafield><datafield ind1="0" ind2="0" tag="780"><subfield code="t">Atlanta constitution (Atlanta, Ga. : 1869)</subfield><subfield code="w">(DLC)sn 83016858</subfield><subfield code="w">(OCoLC)10177529</subfield></datafield><datafield ind1="0" ind2="0" tag="785"><subfield code="t">Constitution (Atlanta, Ga. : 1875)</subfield><subfield code="w">(DLC)sn 83016860</subfield><subfield code="w">(OCoLC)10177687</subfield></datafield><datafield ind1="4" ind2="1" tag="856"><subfield code="u">http://proquest.umi.com/pqdweb?RQT=306&amp;COPT=REJTPTFBQ0Q@&amp;DBId=15316</subfield></datafield></record>